<record><leader>00000cas a2200000 a 4500</leader><controlfield tag="001">12952645</controlfield><controlfield tag="008">851223d19331942ksuwr ne      0    0eng d</controlfield><datafield ind1=" " ind2=" " tag="010"><subfield code="a">sn 85067276 </subfield></datafield><datafield ind1=" " ind2=" " tag="040"><subfield code="a">KSH</subfield><subfield code="b">eng</subfield><subfield code="c">KSH</subfield><subfield code="d">NPT</subfield><subfield code="d">OCL</subfield><subfield code="d">OCLCQ</subfield></datafield><datafield ind1=" " ind2=" " tag="042"><subfield code="a">msc</subfield></datafield><datafield ind1="0" ind2=" " tag="130"><subfield code="a">Yates Center news (Yates Center, Kan. : 1933)</subfield></datafield><datafield ind1="1" ind2="4" tag="245"><subfield code="a">The Yates Center news.</subfield></datafield><datafield ind1=" " ind2=" " tag="260"><subfield code="a">Yates Center, Kan. :</subfield><subfield code="b">R.H. Trueblood,</subfield><subfield code="c">1933-1942.</subfield></datafield><datafield ind1=" " ind2=" " tag="300"><subfield code="a">10 v. :</subfield><subfield code="b">ill. ;</subfield><subfield code="c">55 cm.</subfield></datafield><datafield ind1=" " ind2=" " tag="310"><subfield code="a">Weekly</subfield></datafield><datafield ind1="0" ind2=" " tag="362"><subfield code="a">Vol. 56, no. 28 (Oct. 27, 1933)-v. 65, no. 24 (Oct. 1, 1942).</subfield></datafield><datafield ind1=" " ind2=" " tag="500"><subfield code="a">Published by: Mr. &amp; Mrs. W.C. Coates &amp; Conner Coates, May 1, 1941-Feb. 5, 1942; Mr. &amp; Mrs. W.C. Coates, Feb. 12-Oct. 1, 1942.</subfield></datafield><datafield ind1=" " ind2=" " tag="752"><subfield code="a">United States</subfield><subfield code="b">Kansas</subfield><subfield code="c">Woodson</subfield><subfield code="d">Yates Center.</subfield></datafield><datafield ind1="0" ind2="0" tag="780"><subfield code="t">Yates Center news Woodson County advocate</subfield><subfield code="w">(DLC)sn 85067275</subfield></datafield><datafield ind1="0" ind2="5" tag="780"><subfield code="t">Woodson County journal</subfield><subfield code="g">Mar. 1934</subfield><subfield code="w">(DLC)sn 85067258</subfield></datafield><datafield ind1="0" ind2="7" tag="785"><subfield code="t">Woodson County post (Neosho Falls, Kan. : 1934)</subfield><subfield code="w">(DLC)sn 85067314</subfield></datafield><datafield ind1="0" ind2="7" tag="785"><subfield code="t">Yates Center news and the Woodson County post</subfield><subfield code="w">(DLC)sn 85067282</subfield></datafield><datafield ind1="1" ind2=" " tag="029"><subfield code="a">AU@</subfield><subfield code="b">000022171776</subfield></datafield></record>